@article{disterer2013,
  title={ISO/IEC 27000, 27001 and 27002 for Information Security Management},
  author={Disterer, Georg},
  year={2013},
  journal={Journal of Information Security},
  volume={4},
  number={1},
  pages={92--100},
  publisher={Scientific Research}
}


%ISO 27000
@techreport{ISO27000,
 author = {ISO},
 Institution = {International Organization for Standardization ISO},
 address = {Geneva, Switzerland},
 Title = {Information technology — Security techniques — Information security management systems — Overview and vocabulary},
 number = {27001:2018},
 Year = {2018}
 }


% ver citação ISO 27001
@techreport{ISOPDF,
 author = {ISO},
 Institution = {International Organization for Standardization ISO},
 address = {Geneva, Switzerland},
 Title = {Information Technology, Security Techniques, Information Security Management Systems, Requirements},
 number = {27001:2013},
 Year = {2013}
 }
 
% Iso 27002
@techreport{ISO27002,
 author = {ISO},
 Institution = {International Organization for Standardization ISO},
 address = {Geneva, Switzerland},
 Title = {Information technology — Security techniques — Code of practice for information security controls},
 number = {27002:2013},
 Year = {2013}
 }
 
 

@article{furnell2009integrated,
  title={An integrated view of human, organizational, and technological challenges of IT security management},
  author={Furnell, Steven M and Clarke, Nathan and Werlinger, Rodrigo and Hawkey, Kirstie and Beznosov, Konstantin},
  journal={Information Management \& Computer Security},
  year={2009},
  publisher={Emerald Group Publishing Limited}
}

@inproceedings{watanabe2017understanding,
  title={Understanding the origins of mobile app vulnerabilities: A large-scale measurement study of free and paid apps},
  author={Watanabe, Takuya and Akiyama, Mitsuaki and Kanei, Fumihiro and Shioji, Eitaro and Takata, Yuta and Sun, Bo and Ishi, Yuta and Shibahara, Toshiki and Yagi, Takeshi and Mori, Tatsuya},
  booktitle={2017 IEEE/ACM 14th International Conference on Mining Software Repositories (MSR)},
  pages={14--24},
  year={2017},
  organization={IEEE}
}


@inproceedings{jaramillo2013cross,
  title={Cross-platform, secure message delivery for mobile devices},
  author={Jaramillo, David and Newhook, Richard and Smart, Robert},
  booktitle={2013 Proceedings of IEEE Southeastcon},
  pages={1--5},
  year={2013},
  organization={IEEE}
}

%virifica essa Livro
@book{wang2017android,
  title={Android Ecosystem: Risk Assessment and Malware Detection},
  author={Wang, Yang},
  year={2017},
  publisher={New Mexico Institute of Mining and Technology}
}

@inproceedings{fahl2014hey,
  title={Hey, nsa: Stay away from my market! future proofing app markets against powerful attackers},
  author={Fahl, Sascha and Dechand, Sergej and Perl, Henning and Fischer, Felix and Smrcek, Jaromir and Smith, Matthew},
  booktitle={proceedings of the 2014 ACM SIGSAC conference on computer and communications security},
  pages={1143--1155},
  year={2014}
}

@article{pfleeger2001principles,
  title={Principles of survey research: part 1: turning lemons into lemonade},
  author={Pfleeger, Shari Lawrence and Kitchenham, Barbara A},
  journal={ACM SIGSOFT Software Engineering Notes},
  volume={26},
  number={6},
  pages={16--18},
  year={2001},
  publisher={ACM New York, NY, USA}
}

%artigo caio
@inproceedings{caio2019,
  title={A Study on Organizational IT Security in Mobile Software Ecosystems Literature},
  author={Steglich, Caio and Majdenbaum, Azriel and Marczak, Sabrina and Santos, Rodrigo},
  booktitle={2020 IEEE International Conference on Software Architecture Companion (ICSA-C)},
  pages={234--241},
  year={2020},
  organization={IEEE}
}

@inproceedings{castle2016let,
  title={Let's talk money: Evaluating the security challenges of mobile money in the developing world},
  author={Castle, Sam and Pervaiz, Fahad and Weld, Galen and Roesner, Franziska and Anderson, Richard},
  booktitle={Proceedings of the 7th Annual Symposium on Computing for Development},
  pages={1--10},
  year={2016}
}

@article{bosch2010integration,
  title={From integration to composition: On the impact of software product lines, global development and ecosystems},
  author={Bosch, Jan and Bosch-Sijtsema, Petra},
  journal={Journal of Systems and Software},
  volume={83},
  number={1},
  pages={67--76},
  year={2010},
  publisher={Elsevier}
}

@inproceedings{fontao,
  title={Mobile software ecosystem (mseco): a systematic mapping study},
  author={de Lima Font{\~a}o, Awdren and dos Santos, Rodrigo Pereira and Dias-Neto, Arilo Claudio},
  booktitle={2015 IEEE 39th Annual Computer Software and Applications Conference},
  volume={2},
  pages={653--658},
  year={2015},
  organization={IEEE}
}

@inproceedings{reinfelder2014differences,
  title={Differences between Android and iPhone users in their security and privacy awareness},
  author={Reinfelder, Lena and Benenson, Zinaida and Gassmann, Freya},
  booktitle={International Conference on Trust, Privacy and Security in Digital Business},
  pages={156--167},
  year={2014},
  organization={Springer}
}

-- Exemplo de referência para dissertações de mestrado
@mastersthesis{mestradoCaio,
   address={Porto Alegre, RS, Brasil},
   author={Caio Steglich Borges},
   numpages={141},
   school={Escola Politécnica -- PUCRS},
   title={Fatores Que Influenciam Desenvolvedores a Participar de Ecossistemas de Software M\'{o}vel },
   year={2019},
   url={http://tede2.pucrs.br/tede2/handle/tede/8803}
}

@article{vieira2010dicionario,
  title={Dicion{\'a}rio: trabalho, profiss{\~a}o e condi{\c{c}}{\~a}o docente},
  author={Vieira, LMF},
  journal={Belo Horizonte},
  year={2010}
}

@inproceedings{zhioua2016security,
  title={Security guidelines: Requirements engineering for verifying code quality},
  author={Zhioua, Zeineb and Roudier, Yves and Short, Stuart and Ameur, Rabea Boulifa},
  booktitle={2016 IEEE 24th International Requirements Engineering Conference Workshops (REW)},
  pages={80--85},
  year={2016},
  organization={IEEE}
}

@article{holanda2009segurancca,
  title={Seguran{\c{c}}a no desenvolvimento de aplica{\c{c}}{\~o}es: GSIC701},
  author={Holanda, MT and Fernandes, JHC},
  journal={Curso de Especializa{\c{c}}{\~a}o em Gest{\~a}o da Seguran{\c{c}}a da Informa{\c{c}}{\~a}o e Comunica{\c{c}}{\~o}es},
  volume={2011},
  year={2009}
}


%Daqui pra baixo fica só sobre livros

@book{whitman2011principles,
  title={Principles of information security},
  author={Whitman, Michael E and Mattord, Herbert J},
  year={2011},
  publisher={Cengage Learning}
}

@book{flick2018introduction,
  title={An introduction to qualitative research},
  author={Flick, Uwe},
  year={2018},
  publisher={Sage Publications Limited}
}

@book{hintzbergen2018fundamentos,
  title={Fundamentos de Seguran{\c{c}}a da Informa{\c{c}}{\~a}o: com base na ISO 27001 e na ISO 27002},
  author={Hintzbergen, Jule and Hintzbergen, Kees and Smulders, Andr{\'e} and Baars, Hans},
  year={2018},
  publisher={Brasport}
}

@book{da2014governancca,
  title={Governan{\c{c}}a de seguran{\c{c}}a da informa{\c{c}}{\~a}o: como criar oportunidades para o seu neg{\'o}cio},
  author={da Silva Manoel, Sergio},
  year={2014},
  publisher={Brasport}
}

@book{fontes2017segurancca,
  title={Seguran{\c{c}}a da informa{\c{c}}{\~a}o},
  author={Fontes, Edison Luiz Gon{\c{c}}alves},
  year={2017},
  publisher={Saraiva Educa{\c{c}}{\~a}o SA}
}


% SITES---UTILIZADOS 
@misc{owasp,
   author={OWASP® Foundation},
   title={Top 10 Web Application Security Risks},
   url={https://owasp.org/www-project-top-ten/},
   urlaccessdate={Jul. 2020},
   year={2020}
}

